@inbook{
    schrödinger,
    title={{\"U}ber die Umkehrung der Naturgesetze},
    author={Schr{\"o}dinger, E.},
    booktitle={Sitzungsberichte der Preussischen Akademie der Wissenschaften. Physikalisch-mathematische Klasse},
    year={1931},
    publisher={Verlag der Akademie der Wissenschaften in Kommission bei Walter De Gruyter u. Company},
    langid = "german"
}


% ------------ Diffusion Schrödinger Bridge with Applications to Score-Based Generative Modeling ------------
@article{
    dsb,
    title = {Diffusion Schrödinger Bridge with Applications to Score-Based Generative Modeling},
    author = {De Bortoli, Valentin and Thornton, James and Heng, Jeremy and Doucet, Arnaud},
    journal = {arXiv preprint arXiv:2106.01357},
    year = {2021},
    langid = "english"
}

% --------------------------- Diffusion Schröodinger Bridge Matching ---------------------------
@article{
    dsbm,
    title = {Diffusion Schrödinger Bridge Matching}, 
    author = {Yuyang Shi and Valentin De Bortoli and Andrew Campbell and Arnaud Doucet},
    year = {2023},
    eprint = {2303.16852},
    archivePrefix = {arXiv},
    primaryClass = {stat.ML},
    langid = "english"
}

% ------------------------------------ The Data-Driven Schrödinger Bridge ------------------------------------
@article{
    pavon-empiric-fortret,
    author = {Pavon, Michele and Trigila, Giulio and Tabak, Esteban G.},
    title = {The Data-Driven Schrödinger Bridge},
    journal = {Communications on Pure and Applied Mathematics},
    volume = {74},
    number = {7},
    pages = {1545-1573},
    doi = {https://doi.org/10.1002/cpa.21975},
    url = {https://onlinelibrary.wiley.com/doi/abs/10.1002/cpa.21975},
    eprint = {https://onlinelibrary.wiley.com/doi/pdf/10.1002/cpa.21975},
    year = {2021},
    langid = "english"
}


% ------------------------------ Deep Generative Learning via Schrödinger Bridge ------------------------------

@article{
    pmlr-v139-wang21l,
    title = {Deep Generative Learning via Schrödinger Bridge},
    author = {Wang, Gefei and Jiao, Yuling and Xu, Qian and Wang, Yang and Yang, Can},
    booktitle = {Proceedings of the 38th International Conference on Machine Learning},
    pages = {10794--10804},
    year = {2021},
    editor = {Meila, Marina and Zhang, Tong},
    volume = {139},
    series = {Proceedings of Machine Learning Research},
    month = {18--24 Jul},
    publisher = {PMLR},
    pdf = {http://proceedings.mlr.press/v139/wang21l/wang21l.pdf},
    url = {https://proceedings.mlr.press/v139/wang21l.html},
    langid = "english"
}

% -------------------------- Machine-learning approaches for the empirical Schrödinger bridge problem --------------------------
@inbook{
    monography-sbp,
    author = {Vargas, Francisco},
    title = {Machine-learning approaches for the empirical Schrödinger bridge problem},
    year = 2021,
    month = jun,
    url = {https://www.cl.cam.ac.uk/techreports/UCAM-CL-TR-958.pdf},
    institution = {University of Cambridge, Computer Laboratory},
    doi = {10.48456/tr-958},
    number = {UCAM-CL-TR-958},
    langid = "english"
}

% ------------ A survey of the Schrödinger problem and some of its connections with optimal transport ------------------
@article{
    leonard-survey,
    title = {A survey of the Schrödinger problem and some of its connections with optimal transport}, 
    author = {Christian Léonard},
    year = {2013},
    eprint = {1308.0215},
    archivePrefix = {arXiv},
    primaryClass = {math.PR},
    langid = "english"
}


% ------------ Generative Adversarial Networks ------------------
@article{
    gan,
    title={Generative Adversarial Networks}, 
    author={Ian J. Goodfellow and Jean Pouget-Abadie and Mehdi Mirza and Bing Xu and David Warde-Farley and Sherjil Ozair and Aaron Courville and Yoshua Bengio},
    year={2014},
    eprint={1406.2661},
    archivePrefix={arXiv},
    primaryClass={stat.ML},
    langid = "english"
}
% ------------ f-GAN: Training Generative Neural Samplers using Variational Divergence Minimization ------------------
@article{
    fgan,
    title={f-GAN: Training Generative Neural Samplers using Variational Divergence Minimization}, 
    author={Sebastian Nowozin and Botond Cseke and Ryota Tomioka},
    year={2016},
    eprint={1606.00709},
    archivePrefix={arXiv},
    primaryClass={stat.ML},
    langid = "english"
}
% ------------ Unpaired Image-to-Image Translation using Cycle-Consistent Adversarial Networks ------------------
@article{
    cycle-gan,
    title = {Unpaired Image-to-Image Translation using Cycle-Consistent Adversarial Networks}, 
    author = {Jun-Yan Zhu and Taesung Park and Phillip Isola and Alexei A. Efros},
    year = {2020},
    eprint = {1703.10593},
    archivePrefix = {arXiv},
    primaryClass = {cs.CV},
    langid = "english"
}

% ------------ R\'esolution d'un syst\`eme d'\'equations de M. Schrödinger ------------------
@article{
    fortret,
    author = {Fortet, Robert},
    title = {R\'esolution d'un syst\`eme d'\'equations de M. Schrödinger},
    journal = {Journal de Math\'ematiques Pures et Appliqu\'ees},
    publisher = {Gauthier-Villars},
    volume = {9e s{\'e}rie, 19},
    number = {1-4},
    year = {1940},
    zbl = {0024.31803},
    mrnumber = {2692},
    language = {fr},
    url = {http://www.numdam.org/item/JMPA_1940_9_19_1-4_83_0/},
    langid = "english"
}

% ------------ Probability Densities with Given Marginals ------------------
@article{
    kullback,
    author = {S. Kullback},
    title = {Probability Densities with Given Marginals},
    volume = {39},
    journal = {The Annals of Mathematical Statistics},
    number = {4},
    publisher = {Institute of Mathematical Statistics},
    pages = {1236 -- 1243},
    year = {1968},
    doi = {10.1214/aoms/1177698249},
    URL = {https://doi.org/10.1214/aoms/1177698249},
    langid = "english"
}

% ------------ Convergence of the iterative proportional fitting procedure ------------------
@article{
    kullback-prove,
    title = {Convergence of the iterative proportional fitting procedure},
    author = {Ludger R{\"u}schendorf},
    journal = {Annals of Statistics},
    year = {1995},
    volume = {23},
    pages = {1160-1174},
    url = {https://api.semanticscholar.org/CorpusID:122665767},
    langid = "english"
}

% ------------ Unpaired Image-to-Image Translation via Neural Schrödinger Bridge ------------------
@article{
    cycle-sb,
    title={Unpaired Image-to-Image Translation via Neural Schr\"odinger Bridge}, 
    author={Beomsu Kim and Gihyun Kwon and Kwanyoung Kim and Jong Chul Ye},
    year={2024},
    eprint={2305.15086},
    archivePrefix={arXiv},
    primaryClass={cs.CV},
    langid = "english"
}

% ------------ Light Schrödinger Bridge ------------------
@misc{
    lsb,
    title={Light Schr\"odinger Bridge}, 
    author={Alexander Korotin and Nikita Gushchin and Evgeny Burnaev},
    year={2024},
    eprint={2310.01174},
    archivePrefix={arXiv},
    primaryClass={cs.LG},
    langid = "english"
}

@article{
    mle-sb,
    title={Solving Schrödinger Bridges via Maximum Likelihood},
    volume={23},
    ISSN={1099-4300},
    url={http://dx.doi.org/10.3390/e23091134},
    DOI={10.3390/e23091134},
    number={9},
    journal={Entropy},
    publisher={MDPI AG},
    author={Vargas, Francisco and Thodoroff, Pierre and Lamacraft, Austen and Lawrence, Neil},
    year={2021},
    month=aug, 
    pages={1134},
    langid = "english"
}

@article{
    ddpm,
    title={Denoising Diffusion Probabilistic Models}, 
    author={Jonathan Ho and Ajay Jain and Pieter Abbeel},
    year={2020},
    eprint={2006.11239},
    archivePrefix={arXiv},
    primaryClass={cs.LG}
}

@article{
    bridge-matching,
    title={Augmented Bridge Matching}, 
    author={Valentin De Bortoli and Guan-Horng Liu and Tianrong Chen and Evangelos A. Theodorou and Weilie Nie},
    year={2023},
    eprint={2311.06978},
    archivePrefix={arXiv},
    primaryClass={cs.LG}
}

@article{
    sanov,
    author={И.~Н.~Санов},
    title={О~вероятности больших отклонений случайных величин},
    year={1957},
    volume={42(84)},
    issue={1},
    langid = {russian}
}

@article{
    style-gan,
    title={A Style-Based Generator Architecture for Generative Adversarial Networks}, 
    author={Tero Karras and Samuli Laine and Timo Aila},
    year={2019},
    eprint={1812.04948},
    archivePrefix={arXiv}
}

@article{
    cond-gan,
    title={Conditional Generative Adversarial Nets}, 
    author={Mehdi Mirza and Simon Osindero},
    year={2014},
    eprint={1411.1784},
    archivePrefix={arXiv}
}

@article{
    translation-optimality,
    author       = {Emmanuel de B{\'{e}}zenac and
                  Ibrahim Ayed and
                  Patrick Gallinari},
    title        = {Optimal Unsupervised Domain Translation},
    journal      = {CoRR},
    volume       = {abs/1906.01292},
    year         = {2019},
    url          = {http://arxiv.org/abs/1906.01292},
    eprinttype    = {arXiv},
    eprint       = {1906.01292},
    timestamp    = {Thu, 13 Jun 2019 13:36:00 +0200},
    biburl       = {https://dblp.org/rec/journals/corr/abs-1906-01292.bib},
    bibsource    = {dblp computer science bibliography, https://dblp.org}
}


