% ------------ Diffusion Schrödinger Bridge with Applications to Score-Based Generative Modeling ------------
@article{
    dsb,
    title = {Diffusion Schrödinger Bridge with Applications to Score-Based Generative Modeling},
    author = {De Bortoli, Valentin and Thornton, James and Heng, Jeremy and Doucet, Arnaud},
    journal = {arXiv preprint arXiv:2106.01357},
    year = {2021}
}

% --------------------------- Diffusion Schröodinger Bridge Matching ---------------------------
@article{
    dsbm,
    title = {Diffusion Schrödinger Bridge Matching}, 
    author = {Yuyang Shi and Valentin De Bortoli and Andrew Campbell and Arnaud Doucet},
    year = {2023},
    eprint = {2303.16852},
    archivePrefix = {arXiv},
    primaryClass = {stat.ML}
}

% ------------------------------------ The Data-Driven Schrödinger Bridge ------------------------------------
@article{
    pavon-empiric-fortret,
    author = {Pavon, Michele and Trigila, Giulio and Tabak, Esteban G.},
    title = {The Data-Driven Schrödinger Bridge},
    journal = {Communications on Pure and Applied Mathematics},
    volume = {74},
    number = {7},
    pages = {1545-1573},
    doi = {https://doi.org/10.1002/cpa.21975},
    url = {https://onlinelibrary.wiley.com/doi/abs/10.1002/cpa.21975},
    eprint = {https://onlinelibrary.wiley.com/doi/pdf/10.1002/cpa.21975},
    year = {2021}
}


% -------------------------------------- Schrödinger Bridge Samplers --------------------------------------
@article{
    sampler,
    title = {Schrödinger Bridge Samplers}, 
    author = {Espen Bernton and Jeremy Heng and Arnaud Doucet and Pierre E. Jacob},
    year = {2019},
    eprint = {1912.13170},
    archivePrefix = {arXiv},
    primaryClass = {stat.CO}
}

% ------------------------------ Deep Generative Learning via Schrödinger Bridge ------------------------------

@article{
    pmlr-v139-wang21l,
    title = {Deep Generative Learning via Schrödinger Bridge},
    author = {Wang, Gefei and Jiao, Yuling and Xu, Qian and Wang, Yang and Yang, Can},
    booktitle = {Proceedings of the 38th International Conference on Machine Learning},
    pages = {10794--10804},
    year = {2021},
    editor = {Meila, Marina and Zhang, Tong},
    volume = {139},
    series = {Proceedings of Machine Learning Research},
    month = {18--24 Jul},
    publisher = {PMLR},
    pdf = {http://proceedings.mlr.press/v139/wang21l/wang21l.pdf},
    url = {https://proceedings.mlr.press/v139/wang21l.html},
}

% -------------------------- Machine-learning approaches for the empirical Schrödinger bridge problem --------------------------
@TechReport{
    monography-sbp,
    author = {Vargas, Francisco},
    title = {Machine-learning approaches for the empirical Schrödinger bridge problem},
    year = 2021,
    month = jun,
    url = {https://www.cl.cam.ac.uk/techreports/UCAM-CL-TR-958.pdf},
    institution = {University of Cambridge, Computer Laboratory},
    doi = {10.48456/tr-958},
    number = {UCAM-CL-TR-958}
}

% ------------ A survey of the Schrödinger problem and some of its connections with optimal transport ------------------
@misc{
    leonard-survey,
    title = {A survey of the Schrödinger problem and some of its connections with optimal transport}, 
    author = {Christian Léonard},
    year = {2013},
    eprint = {1308.0215},
    archivePrefix = {arXiv},
    primaryClass = {math.PR}
}

% ------------ Unpaired Image-to-Image Translation using Cycle-Consistent Adversarial Networks ------------------
@misc{
    cycle-gan,
    title = {Unpaired Image-to-Image Translation using Cycle-Consistent Adversarial Networks}, 
    author = {Jun-Yan Zhu and Taesung Park and Phillip Isola and Alexei A. Efros},
    year = {2020},
    eprint = {1703.10593},
    archivePrefix = {arXiv},
    primaryClass = {cs.CV}
}

% ------------ R\'esolution d'un syst\`eme d'\'equations de M. Schrödinger ------------------
@article{
    fortret,
    author = {Fortet, Robert},
    title = {R\'esolution d'un syst\`eme d'\'equations de M. Schrödinger},
    journal = {Journal de Math\'ematiques Pures et Appliqu\'ees},
    publisher = {Gauthier-Villars},
    volume = {9e s{\'e}rie, 19},
    number = {1-4},
    year = {1940},
    zbl = {0024.31803},
    mrnumber = {2692},
    language = {fr},
    url = {http://www.numdam.org/item/JMPA_1940_9_19_1-4_83_0/}
}

% ------------ Traversing the Schrödinger Bridge strait: Robert Fortet's marvelous proof redux ------------------
@misc{
    fortret-prove,
    title = {Traversing the Schroedinger Bridge strait: Robert Fortet's marvelous proof redux}, 
    author = {Montacer Essid and Michele Pavon},
    year = {2018},
    eprint = {1805.02695},
    archivePrefix = {arXiv},
    primaryClass = {math.OC}
}

% ------------ Probability Densities with Given Marginals ------------------
@article{
    kullback,
    author = {S. Kullback},
    title = {Probability Densities with Given Marginals},
    volume = {39},
    journal = {The Annals of Mathematical Statistics},
    number = {4},
    publisher = {Institute of Mathematical Statistics},
    pages = {1236 -- 1243},
    year = {1968},
    doi = {10.1214/aoms/1177698249},
    URL = {https://doi.org/10.1214/aoms/1177698249}
}

% ------------ Convergence of the iterative proportional fitting procedure ------------------
@article{
    kullback-prove,
    title = {Convergence of the iterative proportional fitting procedure},
    author = {Ludger R{\"u}schendorf},
    journal = {Annals of Statistics},
    year = {1995},
    volume = {23},
    pages = {1160-1174},
    url = {https://api.semanticscholar.org/CorpusID:122665767}
}
